<record><leader>00000cas a2200000 a 4500</leader><controlfield tag="001">12611398</controlfield><controlfield tag="008">850928d19211970hiumx ne      0    0jpnrd</controlfield><datafield ind1=" " ind2=" " tag="010"><subfield code="a">sn 85047237 </subfield></datafield><datafield ind1=" " ind2=" " tag="040"><subfield code="a">HUH</subfield><subfield code="b">eng</subfield><subfield code="c">HUH</subfield><subfield code="d">HWN</subfield><subfield code="d">OCL</subfield><subfield code="d">OCLCQ</subfield><subfield code="d">OCLCF</subfield><subfield code="d">OCLCO</subfield><subfield code="d">OCL</subfield></datafield><datafield ind1=" " ind2=" " tag="042"><subfield code="a">msc</subfield></datafield><datafield ind1=" " ind2=" " tag="043"><subfield code="a">n-us-hi</subfield></datafield><datafield ind1="0" ind2="4" tag="245"><subfield code="a">The Yoen jiho =</subfield><subfield code="b">Yo&#772;en jiho&#772;.</subfield></datafield><datafield ind1="1" ind2="3" tag="246"><subfield code="a">Koloa times</subfield><subfield code="f">1921-</subfield></datafield><datafield ind1=" " ind2=" " tag="260"><subfield code="a">Koloa, Kauai, T.H. :</subfield><subfield code="b">Yoen Jiho Sha</subfield></datafield><datafield ind1=" " ind2=" " tag="300"><subfield code="a">v. :</subfield><subfield code="b">ill. ;</subfield><subfield code="c">59 cm.</subfield></datafield><datafield ind1=" " ind2=" " tag="310"><subfield code="a">Monthly,</subfield><subfield code="b">Mar. 1965-1970</subfield></datafield><datafield ind1=" " ind2=" " tag="321"><subfield code="a">Weekly,</subfield><subfield code="b">&lt;1941&gt;-June 1961</subfield></datafield><datafield ind1=" " ind2=" " tag="321"><subfield code="a">Biweekly,</subfield><subfield code="b">Aug. 1961-Feb. 1965</subfield></datafield><datafield ind1="0" ind2=" " tag="362"><subfield code="a">-no. 1996 (Apr. 30, 1970).</subfield></datafield><datafield ind1="1" ind2=" " tag="362"><subfield code="a">Began with Feb. 2, 1921 issue.</subfield><subfield code="z">Cf. Sakamaki, S. Hist. of the Japanese press in Hawaii.</subfield></datafield><datafield ind1=" " ind2=" " tag="500"><subfield code="a">Issues for 1921- called also: The Koloa times. Cf. Sakamaki, S. Hist. of the Japanese press in Hawaii.</subfield></datafield><datafield ind1=" " ind2=" " tag="500"><subfield code="a">Published &lt;June&gt;-Dec. 1941 in Hanapepe, Kauai, T.H.; 1947-1970 in Honolulu, Hawaii.</subfield></datafield><datafield ind1=" " ind2=" " tag="500"><subfield code="a">Editors: 1921- H. Suzuki; &lt;Mar.-Apr.&gt; 1941, G. Arashiro; &lt;June&gt;-Dec. 1941, Y. Oyadomari; 1947-1970, C. Kinjo.</subfield></datafield><datafield ind1=" " ind2=" " tag="515"><subfield code="a">Publication suspended with no. 1257 (Dec. 5, 1941), and resumed in 1947; suspended again Sept. 1965-Aug. 1966.</subfield></datafield><datafield ind1=" " ind2=" " tag="546"><subfield code="a">In Japanese.</subfield></datafield><datafield ind1=" " ind2=" " tag="588"><subfield code="a">Description based on: No. 1226 (Mar. 5, 1941).</subfield></datafield><datafield ind1=" " ind2="0" tag="650"><subfield code="a">Japanese periodicals</subfield><subfield code="z">Hawaii.</subfield></datafield><datafield ind1=" " ind2="0" tag="650"><subfield code="a">Japanese Americans</subfield><subfield code="z">Hawaii</subfield><subfield code="v">Periodicals.</subfield></datafield><datafield ind1=" " ind2="7" tag="650"><subfield code="a">Japanese periodicals.</subfield><subfield code="2">fast</subfield><subfield code="0">(OCoLC)fst00981888</subfield></datafield><datafield ind1=" " ind2="7" tag="650"><subfield code="a">Japanese Americans.</subfield><subfield code="2">fast</subfield><subfield code="0">(OCoLC)fst00981441</subfield></datafield><datafield ind1=" " ind2="7" tag="651"><subfield code="a">Hawaii.</subfield><subfield code="2">fast</subfield><subfield code="0">(OCoLC)fst01208724</subfield></datafield><datafield ind1=" " ind2="7" tag="655"><subfield code="a">Periodicals.</subfield><subfield code="2">fast</subfield><subfield code="0">(OCoLC)fst01411641</subfield></datafield><datafield ind1="1" ind2=" " tag="700"><subfield code="a">Suzuki, Hiroshi.</subfield></datafield><datafield ind1="1" ind2=" " tag="700"><subfield code="a">Arashiro, Ginjiro&#772;.</subfield></datafield><datafield ind1="1" ind2=" " tag="700"><subfield code="a">Oyadomari, Yoshio.</subfield></datafield><datafield ind1="1" ind2=" " tag="700"><subfield code="a">Kinjo, Chin'ei.</subfield></datafield><datafield ind1=" " ind2=" " tag="752"><subfield code="a">United States</subfield><subfield code="b">Hawaii</subfield><subfield code="c">Kauai</subfield><subfield code="d">Koloa.</subfield></datafield><datafield ind1=" " ind2=" " tag="752"><subfield code="a">United States</subfield><subfield code="b">Hawaii</subfield><subfield code="c">Kauai</subfield><subfield code="d">Hanapepe.</subfield></datafield><datafield ind1=" " ind2=" " tag="752"><subfield code="a">United States</subfield><subfield code="b">Hawaii</subfield><subfield code="c">Honolulu</subfield><subfield code="d">Honolulu.</subfield></datafield><datafield ind1="1" ind2=" " tag="029"><subfield code="a">AU@</subfield><subfield code="b">000015746334</subfield></datafield></record>